3366 5200
336 417 384 490 34
586 441 829 492 rennuunt!
847 443 1073 502 rrrrerrrrrrn
1090 443 1235 491 erarem

335 549 425 642 2¹12.
440 555 516 626 Une
528 553 734 648 pedegnole.
750 559 825 628 Due
838 557 1002 628 enelletti.
1018 557 1071 628 Un
1084 554 1189 626 tendo
1202 573 1266 650 per
1277 573 1355 625 asse
1365 553 1404 626 di
1418 575 1495 648 por·

336 663 383 724 ta.
402 652 454 721 Un
471 648 610 722 chiodo.
633 653 704 723 Une
721 650 840 726 fibbia.
1388 715 1392 722 .

384 749 429 816 te
447 747 628 818 Novembre
639 787 688 801 ·-
699 748 736 818 Si
752 749 914 820 continue
930 750 956 818 ii
973 748 1078 841 teglio
1094 747 1133 819 di
1149 757 1240 818 terre
1254 769 1318 840 per
1329 747 1495 818 anderea

337 853 475 916 trevere
493 842 519 912 il
535 841 605 913 lato
621 843 657 914 di
680 857 828 937 ponente
845 845 904 916 del
920 854 1109 938 conseputo
1132 842 1253 914 cortile
1279 843 1398 915 ultimo
1420 863 1497 914 eco-

334 949 445 1019 verto,
467 960 529 1034 per
540 959 711 1011 evacuare
724 941 756 1012 ie
769 952 886 1012 stenze
898 940 943 1013 de
955 940 1049 1013 detto
1062 941 1142 1010 iate.
1158 939 1349 1011 Esiecome
1362 939 1393 1010 si
1406 961 1498 1010 cem·

335 1035 430 1107 mine
447 1055 510 1130 per
527 1035 721 1118 l'estremite
744 1035 836 1109 delle
853 1037 947 1120 ciete,
967 1059 987 1108 e
1006 1034 1204 1108 trovandosi
1222 1037 1344 1108 alcune
1367 1035 1497 1107 iabbri-

336 1133 403 1204 ohe
419 1151 441 1202 ε
456 1153 553 1204 mure
570 1128 606 1203 di
623 1143 744 1226 queste
760 1134 855 1218 citte;
875 1156 937 1228 per
955 1133 1121 1227 ieeoprire
1135 1133 1203 1202 tete
1216 1143 1312 1227 parte
1325 1131 1355 1204 si
1367 1130 1496 1204 ritarda

334 1227 482 1322 qualche
499 1249 586 1322 poco
603 1249 665 1323 per
680 1229 833 1301 arrivere
856 1230 925 1301 aila
940 1229 1136 1302 desiderata
1158 1227 1368 1312 abitatione,
1387 1250 1409 1300 e
1426 1249 1496 1300 non

335 1325 373 1396 vi
389 1325 511 1395 estete
528 1325 651 1395 alcuna
669 1326 798 1398 noviti.

385 1418 432 1492 23
449 1421 629 1492 Νουετιὸτε
640 1461 689 1475 -
701 1425 740 1492 ln
757 1432 876 1516 queste
894 1421 1074 1493 settimene
1091 1423 1121 1492 si
1134 1423 1155 1493 ὲ
1168 1420 1354 1515 impiegete
1368 1423 1495 1514 i'opere

337 1516 375 1586 in
392 1517 490 1587 lever
505 1529 596 1590 terra
612 1515 705 1590 daile
720 1517 848 1600 strada,
867 1518 933 1589 che
949 1517 1006 1588 del
1019 1519 1173 1590 cenceiio
1185 1517 1278 1589 delle
1292 1521 1391 1590 Porta
1403 1517 1497 1589 delia

337 1612 419 1684 citii
435 1635 538 1685 mene
560 1614 593 1684 el
608 1614 751 1698 cesino,
777 1636 840 1708 per
860 1616 944 1686 dare
961 1615 1055 1686 scoto
1072 1615 1139 1687 alle
1156 1635 1266 1707 acque
1283 1615 1374 1686 delle
1398 1614 1497 1708 piog-

337 1729 394 1802 ge.
415 1707 450 1778 si
467 1709 488 1780 e
506 1731 591 1804 pure
607 1709 796 1804 impiegeta
814 1712 847 1782 le
863 1711 954 1782 detta
973 1731 1079 1804 opera
1097 1711 1133 1781 in
1150 1711 1286 1805 coprire
1299 1711 1384 1782 tutt'i
1397 1711 1497 1804 pevi-

336 1804 1495 1997 ttttttt{timiititt'ttitttttittttt‘tt

336 1999 379 2067 D.
401 1997 592 2069 Franceeco
609 1999 660 2068 Le
677 1999 786 2091 vega,
807 2020 915 2070 enon
931 1999 968 2069 vi
985 2000 1007 2070 e
1022 2010 1110 2071 stete
1126 1998 1256 2070 noviti.

392 2091 438 2161 30
461 2094 643 2165 Novembre
660 2133 709 2148 -
731 2095 765 2165 Si
789 2095 954 2166 continue
977 2095 1010 2167 lo
1033 2095 1262 2190 seoprimento
1284 2094 1376 2166 delle
1399 2115 1496 2165 mure

336 2189 428 2260 delia
443 2187 537 2274 citte,
558 2192 586 2260 si
603 2211 666 2283 ρετ
682 2190 849 2262 facilitere
861 2192 1133 2263 l’evacuamento
1144 2189 1236 2262 delle
1248 2202 1364 2262 stenze
1377 2190 1432 2262 del
1449 2191 1497 2260 ie-

337 2295 372 2356 to
387 2283 425 2356 di
441 2297 591 2380 ponente
607 2285 664 2358 del
682 2285 801 2358 cortile
819 2287 940 2358 ultimo
956 2288 1163 2382 scopert0‚si
1182 2309 1243 2381 ρετ
1260 2287 1426 2381 iscoprire
1442 2307 1497 2358 ce

337 2401 394 2452 me
412 2382 550 2548 Ιιιεριτιίιτί
568 2384 600 2455 ia
616 2384 731 2456 strada
748 2383 813 2456 che
830 2383 1055 2479 compatiare,
1075 2407 1095 2455 e
1112 2404 1182 2454 non
1193 2383 1230 2456 vi
1243 2385 1264 2455 ὲ
1276 2394 1362 2455 stete
1374 2382 1497 2454 alcuna
1592 2435 1595 2444 .

338 2496 421 2549 nevr
462 2531 471 2546 .

387 2570 463 2646 tet
489 2575 772 2647 Decembre-Si
788 2576 952 2648 continua
974 2576 1008 2647 io
1031 2575 1263 2670 scoprimento
1284 2575 1376 2647 delle
1398 2597 1497 2646 mure

341 2669 432 2742 delle
449 2669 530 2742 cite
546 2693 644 2744 come
661 2671 720 2742 nei
737 2672 864 2764 passati
880 2672 1043 2768 repperti,
1060 2674 1104 2744 ed
1121 2670 1158 2742 in
1175 2683 1289 2767 tempo
1305 2671 1341 2743 di
1355 2671 1498 2766 pioggia

341 2767 372 2839 si
389 2768 507 2839 lavore
523 2779 611 2840 sotto
628 2768 654 2838 il
666 2768 815 2840 lemione
828 2769 919 2840 neila
933 2768 1097 2841 masseria
1108 2768 1167 2840 dei
1180 2771 1244 2840 PP.
1260 2768 1436 2849 celestini,
1452 2768 1497 2838 ne

341 2862 378 2936 vi
395 2863 416 2934 e
434 2871 519 2934 stete
536 2865 660 2960 eicupe
676 2863 808 2936 noviti.

389 2955 436 3031 28
452 2961 782 3033 Decembre-Nessa
797 2972 955 3053 presente
967 2961 1149 3034 settimena
1161 2963 1192 3032 si
1203 2961 1364 3033 continue
1378 2960 1412 3031 lo
1424 2980 1500 3031 soe-

338 3075 385 3128 vo
401 3056 439 3125 in
457 3057 553 3128 ievar
569 3067 659 3127 terra
677 3057 722 3128 de
739 3077 840 3149 sopra
857 3057 889 3129 le
906 3079 1004 3129 mure
1021 3057 1110 3129 della
1123 3058 1218 3141 cite,
1232 3077 1331 3128 come
1344 3056 1454 3128 anche
1466 3055 1496 3127 si

338 3151 418 3222 leva
435 3151 468 3222 la
486 3161 577 3223 terra
596 3153 660 3224 che
673 3152 765 3224 deve
779 3163 856 3224 urto
868 3155 937 3226 eila
953 3163 1069 3228 stanze
1087 3154 1151 3225 che
1168 3175 1313 3226 eonosce
1327 3155 1352 3223 ii
1364 3152 1431 3246 sig.
1447 3154 1498 3225 Le

336 3249 447 3341 vega,
468 3269 489 3318 e
506 3269 575 3320 non
592 3250 629 3320 vi
646 3250 770 3321 estete
787 3249 874 3321 altre
895 3251 1026 3323 noviti.
1047 3251 1073 3321 ll
1090 3251 1320 3323 iabbricetore
1337 3251 1392 3321 eol
1414 3249 1499 3322 iaie·

337 3363 463 3436 gneme
479 3345 688 3419 continuatio
703 3365 801 3418 come
817 3347 851 3417 al
867 3347 980 3419 solito.

813 3603 1009 3748 1787

385 3914 407 3982 3
428 3919 578 3988 Geneeto
589 3935 639 3972 -·
654 3917 752 3988 Neiie
768 3927 928 4011 presente
949 3917 1131 3990 settimene
1147 3916 1177 3988 si
1193 3917 1355 3989 continue
1373 3917 1407 3990 Ιο
1423 3939 1499 3992 ece·

335 4031 383 4084 vo
398 4033 498 4083 come
516 4013 696 4107 ne'pessati
714 4011 879 4106 repperti,
900 4031 1004 4085 senze
1020 4015 1149 4087 noviti.

386 4108 424 4176 tt
452 4111 599 4181 Gerrneio
614 4110 743 4180 -Per
761 4111 793 4179 ie
809 4107 984 4201 rigidezza
1001 4110 1058 4182 del
1075 4110 1198 4182 ireddo
1219 4111 1249 4180 si
1268 4110 1289 4180 e
1307 4109 1497 4205 impiegata

336 4202 464 4298 l’opere
481 4206 606 4276 intiera
618 4206 655 4276 in
667 4206 764 4276 lever
776 4215 866 4276 terre
879 4205 936 4278 dei
948 4206 1099 4278 iemieee
1112 4217 1199 4278 sotto
1211 4206 1245 4277 la
1258 4206 1424 4279 masseria
1436 4207 1494 4280 dei

337 4301 401 4370 PP.
423 4302 600 4385 Gelestini‚
620 4321 723 4374 senze
739 4301 870 4373 noviter.

388 4395 433 4463 48
453 4397 838 4471 Gennaio-Goutinue
861 4397 896 4467 lo
917 4398 1146 4492 scoprimento
1167 4399 1258 4470 dene
1282 4419 1380 4470 mura
1402 4400 1496 4471 della·

339 4489 434 4573 eitte,
448 4513 469 4563 e
485 4489 517 4564 ei
533 4495 554 4566 ὲ
570 4495 722 4567 arriveto
739 4516 760 4566 e
776 4493 874 4566 lever
889 4503 981 4567 terre
995 4493 1043 4567 de
1059 4515 1161 4590 sopra
1178 4495 1210 4566 ie
1226 4504 1342 4566 senze
1358 4495 1423 4568 che
1440 4517 1496 4568 re-
