3312 5202
538 933 1102 1043 PRAEFATIO

784 1260 862 1272 ..ιι-ι

284 2143 390 2233 Quod
406 2163 498 2216 nane
522 2140 559 2214 in
576 2141 643 2217 tria
660 2140 836 2218 volumina
858 2141 1078 2218 distributum
1102 2145 1168 2218 enh
1197 2143 1402 2243 typographi

236 2303 379 2358 manum
396 2278 556 2356 concedit
572 2301 673 2376 opus,
694 2279 764 2354 iam
782 2279 827 2354 ab
843 2301 877 2355 a.
898 2279 992 2352 tenu
1009 2280 1207 2356 inchoatum
1232 2279 1315 2366 iuit;
1341 2280 1405 2355 sed

238 2415 415 2514 quaedam
443 2437 558 2489 rerum
581 2413 798 2490 conditiones
819 2413 1005 2512 quominus
1034 2415 1209 2489 inlunem
1235 2415 1405 2490 amitere·

239 2563 306 2640 tur,
321 2562 461 2649 praeter
476 2574 590 2626 meam
602 2551 891 2650 expectationem,
907 2551 1134 2649 impedivere:
1155 2563 1231 2650 post
1248 2561 1317 2627 tres
1333 2575 1402 2628 non

239 2689 389 2786 amplius
412 2689 596 2764 turriculos
618 2711 639 2763 a
661 2689 808 2786 reliquis
831 2687 1040 2785 evulgandis
1062 2687 1306 2762 abstinendum
1324 2687 1400 2763 iuit.

238 2825 394 2900 Tandem
415 2826 604 2924 aliqnando
625 2849 704 2901 eam
722 2849 743 2901 a
760 2829 849 2924 lieg.
869 2826 1053 2900 Herculan.
1073 2826 1279 2914 Academia,
1298 2850 1403 2925 quan-

239 2961 324 3036 tivis
352 2962 477 3058 praetii
508 2972 702 3058 quantaeve
732 2961 912 3060 dignitatis
940 2962 1007 3036 hoo
1036 2958 1311 3049 existimaretur,
1338 2985 1403 3076 pu·

238 3093 323 3168 blini
347 3096 435 3170 iuria
460 3099 572 3173 iuuere
590 3089 715 3173 ‘datum
739 3097 815 3182 init,
847 3097 927 3172 aliis
949 3096 1114 3172 litorariis
1138 3095 1286 3193 negotiis
1310 3109 1403 3194 poet-

240 3230 387 3319 uanius,
420 3256 483 3330 pm
514 3233 610 3308 virili
639 3233 861 3320 adiabenem,
895 3245 932 3308 ut
961 3233 1217 3332 quamprimum
1247 3232 1402 3309 absolve

238 3392 331 3443 rem:
356 3369 402 3444 de
424 3371 525 3445 cuiue
546 3370 712 3447 historiae
736 3371 883 3446 utilitate
905 3394 985 3446 oum
1007 3372 1221 3445 literatorum
1249 3381 1321 3444 tum
1350 3393 1401 3444 ar·

240 3505 372 3582 tilicum
396 3529 498 3582 omne
521 3531 633 3606 genus
653 3507 742 3583 mihi
763 3507 911 3605 gratiam
935 3507 1134 3582 habiturum
1150 3504 1299 3580 confido:
1320 3529 1400 3582 nam

240 3642 276 3716 in
309 3665 351 3718 ea
382 3644 428 3719 ad
456 3643 678 3742 antiquitates
706 3644 948 3743 explicandae,
984 3643 1030 3718 ad
1058 3654 1238 3718 auctorum
1267 3653 1402 3720 senten·

246 3775 308 3852 tiae
330 3781 595 3878 pernoscendae,
615 3790 651 3856 et
673 3791 892 3880 pervetustae
913 3779 1142 3878 Pompeianae
1158 3779 1309 3854 civitatis
1323 3780 1401 3855 looa

247 3915 348 3992 vetuti
377 3919 508 3994 intente
537 3918 649 4016 digito
678 3919 994 4004 commonstranda‚
1022 3929 1075 3991 eat
1103 3939 1275 4016 superque
1304 3917 1401 3992 adiu·

241 4049 350 4124 menti
369 4055 572 4151 reperietur.
593 4055 696 4144 Quod
718 4056 896 4141 iuramen,
920 4053 951 4127 si
973 4075 1095 4128 verum
1117 4052 1236 4127 dicere
1256 4055 1308 4128 iae
1328 4063 1397 4141 eet,

239 4185 443 4284 iampridem
467 4193 593 4267 frustra
617 4189 823 4291 expetitum,
842 4202 878 4265 et
893 4190 1061 4266 hactenus
1080 4187 1187 4264 inisse
1204 4189 1399 4286 neglectum

237 4345 304 4398 non
334 4325 412 4400 aine
441 4328 782 4426 arohaeoiogicarum
814 4327 1075 4428 disciplinarum
1106 4327 1251 4413 murno,
1277 4347 1398 4401 emnee

234 4460 430 4543 doluerunt.
