3312 5202
701 371 917 420 PRAEFATIO

276 479 404 551 Extant
426 478 462 550 in
484 481 526 552 lt.
553 482 675 554 Museo
697 481 774 555 cod.
796 505 876 555 mss.
896 483 1025 579 quibus
1042 487 1188 581 reposita
1215 511 1394 564 asservan-

229 623 284 684 tur
313 623 390 688 acta
421 613 465 688 de
496 615 739 691 effossionibus
764 619 999 714 Pompeianis,
1028 623 1255 718 apraesectis
1284 623 1319 696 ci
1344 625 1394 700 la-

228 747 306 820 bori
330 750 536 848 conscripta,
564 763 600 827 et
622 755 803 850 Neapolim
829 755 875 829 ad
899 757 1011 832 Musei
1035 768 1246 832 correctores
1269 759 1387 836 missa:

229 885 291 960 sed
315 908 394 960 cum
419 888 513 962 haurd
535 890 658 964 ordine
683 914 746 967 suo
770 906 894 969 cuncta
919 895 1081 991 legantur
1105 919 1219 993 neque
1242 897 1388 992 integra,

228 1023 335 1097 immo
366 1026 528 1100 nonnulla
559 1025 800 1101 desiderentur
825 1030 906 1102 lolia
931 1031 1112 1104 codicibus
1135 1033 1193 1105 vel
1217 1032 1389 1130 discerpta

228 1161 285 1237 vel
302 1163 457 1256 abrepta,
484 1171 662 1258 postquam
687 1163 908 1239 describendi
933 1168 1045 1262 gratia
1070 1169 1211 1265 longum
1236 1169 1389 1266 pariter

228 1298 265 1371 in
283 1299 468 1372 multorum
492 1322 613 1373 manus
635 1301 863 1389 obvenerunt,
892 1302 1006 1376 visum
1033 1315 1085 1379 est
1106 1305 1192 1378 mihi
1216 1306 1262 1380 ad
1285 1307 1390 1380 huius

228 1435 416 1509 voluminis
432 1459 533 1510 usum
551 1437 707 1510 codicem
724 1438 959 1512 Rihaviauum
971 1439 1151 1528 adhibere,
1167 1442 1229 1538 qui
1246 1465 1279 1516 a.
1295 1425 1389 1515 4829

227 1570 271 1644 ab
295 1569 437 1669 Aloysio
462 1571 577 1646 Rihau
601 1573 808 1669 exscriptae,
836 1575 959 1650 eodem
984 1579 1076 1650 tonte
1101 1577 1257 1664 delinxit,
1287 1591 1389 1676 atque

225 1707 298 1780 lere
315 1705 532 1806 incorruptus
549 1719 675 1795 manet,
695 1710 928 1806 omnibusque
944 1712 1029 1786 satis
1044 1712 1230 1809 diligenter
1245 1715 1389 1789 collatus

226 1857 289 1918 est.
314 1849 416 1920 Hunc
439 1845 557 1920 denuo
582 1867 660 1918 cum
685 1848 794 1940 regiis
817 1848 998 1923 codicibus
1021 1849 1165 1935 contuli,
1191 1861 1227 1924 et
1246 1850 1386 1924 schedis

226 2005 346 2057 eorum
376 2005 522 2080 quorum
553 1985 694 2057 nomina
718 1985 755 2056 in
782 1987 879 2058 titulo
904 1987 1083 2080 leguntur,
1111 2007 1168 2059 res
1190 2009 1282 2082 quae
1306 1987 1389 2062 dee-

226 2133 304 2196 rant
325 2121 480 2218 explevi.

273 2257 329 2334 ad
351 2257 531 2336 historiam
556 2279 641 2332 vero
664 2260 885 2332 effossionnm
908 2260 1148 2344 ordinandam,
1172 2261 1218 2334 ab
1240 2284 1272 2334 a.
1292 2261 1388 2334 tuta

226 2391 269 2470 ad
288 2416 320 2468 a.
342 2393 435 2468 tuot
452 2394 602 2488 primum
626 2394 804 2488 hispanico
827 2417 986 2468 sermone
1008 2394 1136 2469 deinde
1158 2394 1287 2482 italico,
1316 2398 1388 2470 col-

225 2529 296 2625 lcgi
322 2507 611 2604 hebdomadariae
634 2530 836 2616 relationes,
869 2529 1061 2616 diurnalia,
1094 2532 1244 2624 glossas,
1278 2531 1387 2608 adno—

225 2663 442 2738 tatiunculas:
469 2665 607 2760 quade
631 2689 670 2740 re
698 2667 781 2739 satis
805 2665 1018 2739 confidenter
1040 2666 1224 2740 adfirmare
1246 2689 1386 2762 possum

224 2799 312 2874 nihil
327 2803 619 2897 praetermissum,
639 2803 733 2898 quod
750 2824 903 2877 mearum
926 2801 1058 2876 virium
1081 2803 1163 2896 luit,
1190 2804 1228 2876 in
1248 2805 1386 2878 lacunis

225 2939 399 3034 regiorum
423 2938 583 3014 codicum
608 2939 808 3036 explendim
828 2962 871 3013 ea
893 2951 1008 3012 umen
1030 2940 1181 3025 ratione,
1210 2950 1248 3012 ut
1271 2962 1386 3017 narra·

226 3047 380 3158 tionem,
412 3097 621 3172 quamquam
651 3075 809 3169 plurimis
838 3099 886 3148 ex
916 3075 1067 3149 batibus
1096 3075 1262 3171 petitam,
1297 3073 1385 3148 inta-

227 3210 392 3286 minatam
409 3222 442 3284 et
459 3221 661 3307 perpetuam
678 3211 894 3286 exhiberem.
910 3215 1046 3286 Interea
1062 3233 1083 3283 e
1100 3222 1264 3288 contextu
1277 3211 1386 3285 multa

226 3347 272 3422 ad
295 3349 426 3423 calcem
449 3347 617 3444 cuiusque
641 3348 765 3442 partis,
793 3349 830 3420 in
854 3371 942 3443 quas
970 3349 1133 3422 volumen
1157 3347 1381 3444 dispescitur,

226 3473 364 3570 reieci,
388 3507 478 3581 quae
504 3487 590 3559 torto
616 3485 821 3580 interpolata
845 3485 1076 3569 videbantur,
1103 3484 1169 3558 sed
1197 3485 1228 3556 si
1257 3487 1388 3559 otniae-

225 3634 355 3706 rentur,
376 3645 460 3696 sane
477 3623 618 3717 quidem
634 3632 750 3717 poseat
765 3621 879 3696 videri
895 3621 1110 3715 negligentia
1126 3623 1264 3695 factum.
1280 3621 1386 3695 Varia

226 3761 321 3836 enim
344 3781 392 3834 ex
414 3761 471 3833 hie
494 3759 709 3842 innomscere
734 3771 887 3855 possunt,
907 3781 997 3854 quae
1018 3761 1184 3832 obvoluta
1207 3760 1316 3844 tuere,
1344 3779 1387 3832 ac

227 3893 429 3992 praesertim
460 3895 555 3970 circa
589 3905 889 3971 monumentorum
924 3894 1217 3980 destinationem,
1250 3895 1390 3970 abdito-

228 4055 305 4107 rum
330 4035 484 4106 locorum
508 4031 751 4129 direptionem,
772 4031 953 4104 utilitatem
975 4041 1011 4104 et
1026 4031 1272 4127 praestantiam
1288 4033 1387 4108 etica-

228 4169 378 4256 siouum,
394 4191 530 4244 necnon
546 4171 796 4265 praefectorum
813 4169 1079 4244 accurationem.
1098 4169 1281 4244 Praeterea
1297 4169 1385 4242 iuter

229 4304 401 4383 diurnalia
424 4327 516 4400 quac
541 4327 649 4402 usqne
675 4305 719 4380 ad
743 4329 776 4380 a.
799 4306 891 4376 tatu
913 4305 1087 4400 exscripta
1101 4307 1211 4390 luere,
1230 4327 1308 4378 cum
1324 4325 1387 4378 uo-

229 4451 300 4514 tatu
325 4440 470 4536 dignum
495 4440 672 4516 videretur
695 4443 750 4513 Fr.
780 4443 830 4515 La
854 4445 951 4536 Vaga
972 4441 1201 4527 itinerarium,
1228 4439 1324 4536 qnod
1339 4449 1385 4514 tn·
